@manual{labopac2025,
  title        = {LaboPAC 2025: Electrochemistry of Fuel Cells},
  author       = {{Institute of Mechanics, Materials and Civil Engineering}},
  year         = {2025},
  organization = {Louvain School of Engineering},
  note         = {Available on Moodle for the LMAPR2231 Electrochemistry of Fuel Cells course}
}

@article{SocChimFr1995,
  author    = {{Société Chimique de France}},
  title     = {Document Pédagogique},
  journal   = {L'Actualité Chimique},
  year      = {1995},
  month     = {jan},
  pages     = {39},
  url       = {https://new.societechimiquedefrance.fr/wp-content/uploads/2019/12/1995-196-janv-fev-p39-docpedagogique.pdf},
  urldate   = {2024-07-20},
  publisher = {Société Chimique de France},
  note      = {Numéro 196}
}

@online{LibreTextsElectrochemicalPotentials,
  author       = {LibreTexts},
  title        = {4.3: Electrochemical Potentials},
  year         = {2024},
  url          = {https://chem.libretexts.org/Bookshelves/Inorganic_Chemistry/Introduction_to_Inorganic_Chemistry_(Wikibook)/04%3A_Redox_Stability_and_Redox_Reactions/4.03%3A_Electrochemical_Potentials},
  urldate      = {2024-03-10},
  organization = {LibreTexts},
  booktitle    = {Introduction to Inorganic Chemistry (Wikibook)}
}

@online{wikiWaterElectrolysisThermo,
  author = {Wikipedia contributors},
  title = {Electrolysis of water --- {Thermodynamics}},
  year = {2024},
  url = {https://en.wikipedia.org/wiki/Electrolysis_of_water#Thermodynamics},
  urldate = {2025-05-05},  % Update with your access date
  publisher = {Wikipedia},
  
}

@misc{uclouvain_lmapr2231,
  title        = {Metallurgical and Electrochemical Processes (LMAPR2231)},
  author       = {Proost, Joris},
  year         = {2025},
  institution  = {Université catholique de Louvain (UCLouvain)},
  address      = {Louvain-la-Neuve, Belgium},
  note         = {5 ECTS credits; 30h lectures + 22.5h practicals; taught in English (French-friendly); offered in Q2},
  url          = {https://uclouvain.be/en-cours-2025-lmapr2231}
}
